<?xml version="1.0" encoding="UTF-8"?><collection xmlns="http://www.loc.gov/MARC21/slim"><record><leader>00408nam--2200133-i-4500</leader><controlfield tag="001">000007365</controlfield><controlfield tag="002">20161230</controlfield><controlfield tag="005">20161230201027</controlfield><controlfield tag="008">060222s1000------------r-----000-0-eng-d</controlfield><datafield ind1=" " ind2=" " tag="100"><subfield code="a">Castello, P</subfield></datafield><datafield ind1=" " ind2=" " tag="245"><subfield code="a">Cle des schemas electriques. etude logique des circuits et des automatismes. 2-e edition</subfield></datafield><datafield ind1=" " ind2=" " tag="260"><subfield code="a">Paris, Dunod, 1965. Xi + 211 P</subfield></datafield><datafield ind1=" " ind2=" " tag="490"><subfield code="a">Bibliotheque De L1ingenieur Automaticien</subfield></datafield><datafield ind1=" " ind2=" " tag="852"><subfield code="a">22350</subfield></datafield></record></collection>